<?xml version="1.0" encoding="UTF-8"?><record xmlns="http://www.loc.gov/MARC21/slim" xmlns:cinclude="http://apache.org/cocoon/include/1.0" xmlns:zs="http://www.loc.gov/zing/srw/">
  <leader>00815nz  a2200205n  4500</leader>
  <controlfield tag="001">no2013141056</controlfield>
  <controlfield tag="003">DLC</controlfield>
  <controlfield tag="005">20131218073545.0</controlfield>
  <controlfield tag="008">131217n| azannaabn          |a aaa     c</controlfield>
  <datafield tag="010" ind1=" " ind2=" ">
    <subfield code="a">no2013141056</subfield>
  </datafield>
  <datafield tag="035" ind1=" " ind2=" ">
    <subfield code="a">(OCoLC)oca09640340</subfield>
  </datafield>
  <datafield tag="040" ind1=" " ind2=" ">
    <subfield code="a">OkU</subfield>
    <subfield code="b">eng</subfield>
    <subfield code="e">rda</subfield>
    <subfield code="c">OkU</subfield>
  </datafield>
  <datafield tag="046" ind1=" " ind2=" ">
    <subfield code="f">1885</subfield>
    <subfield code="g">1931</subfield>
  </datafield>
  <datafield tag="100" ind1="1" ind2=" ">
    <subfield code="a">Williams, Marie,</subfield>
    <subfield code="d">1885-1931</subfield>
  </datafield>
  <datafield tag="375" ind1=" " ind2=" ">
    <subfield code="a">female</subfield>
  </datafield>
  <datafield tag="400" ind1="1" ind2=" ">
    <subfield code="a">Pallu, Marie,</subfield>
    <subfield code="d">1885-1931</subfield>
  </datafield>
  <datafield tag="400" ind1="1" ind2=" ">
    <subfield code="a">Emler, Marie,</subfield>
    <subfield code="d">1885-1931</subfield>
  </datafield>
  <datafield tag="400" ind1="1" ind2=" ">
    <subfield code="a">Braïlowski, Marie,</subfield>
    <subfield code="d">1885-1931</subfield>
  </datafield>
  <datafield tag="400" ind1="1" ind2=" ">
    <subfield code="a">Brailowsky, Marie,</subfield>
    <subfield code="d">1885-1931</subfield>
  </datafield>
  <datafield tag="670" ind1=" " ind2=" ">
    <subfield code="a">Proust, M. Lettres à sa voisine, c2013:</subfield>
    <subfield code="b">p. 9 (Mme Williams, wife of an American dentist, Charles D. Williams [2nd husband]; b. Marie Pallu, 1885; 1903-1908 1st husband, Paul Emsler; 3rd husband, pianist Alexandre Braïlowski [aka Alexander Brailowsky]; committed suicide 1931)</subfield>
  </datafield>
</record>